@book{basic_algebra_ii,
  author    = {Nathan Jacobson},
  title     = {Basic Algebra II},
  edition   = {2},
  publisher = {Dover Publications},
  year      = {1989}
}

@book{dummit_and_foote,
  author    = {David S. Dummit and Richard M. Foote},
  title     = {Abstract Algebra},
  edition   = {3},
  publisher = {Wiley},
  year      = {2003}
}

@book{algebra_chapter_0,
  author    = {Paolo Aluffi},
  title     = {Algebra: Chapter 0},
  publisher = {American Mathematical Society},
  year      = {2009}
}

@book{atiyah_macdonald,
  author    = {Michael F. Atiyah and Ian G. Macdonald},
  title     = {Introduction to Commutative Algebra},
  publisher = {Addison-Wesley},
  year      = {1969}
}

@book{category_theory_for_the_working_mathematician,
  author    = {Saunders {Mac Lane}},
  title     = {Categories for the Working Mathematician},
  edition   = {2},
  publisher = {Springer},
  series    = {Graduate Texts in Mathematics},
  number    = {5},
  year      = {1998}
}

@book{category_theory_in_context,
  author    = {Emily Riehl},
  title     = {Category Theory in Context},
  publisher = {Dover Publications},
  year      = {2016}
}

@book{freyd_abelian_categories,
  author    = {Peter Freyd},
  title     = {Abelian Categories},
  subtitle  = {An Introduction to the Theory of Functors},
  publisher = {Harper \& Row},
  edition   = {1},
  year      = {1964}
}

@book{weibel,
  author    = {Charles A. Weibel},
  title     = {An Introduction to Homological Algebra},
  publisher = {Cambridge University Press},
  year      = {1994}
}

@book{gelfand_and_manin,
  author    = {Sergei I. Gelfand and Yuri I. Manin},
  title     = {Methods of Homological Algebra},
  edition   = {2},
  publisher = {Springer},
  year      = {2003}
}

@book{huybrechts,
  author    = {Daniel Huybrechts},
  title     = {Fourier-Mukai Transforms in Algebraic Geometry},
  publisher = {Clarendon Press},
  year      = {2006}
}

@book{handbook_of_tilting_theory,
  author    = {Lidia Angeleri H{\"{u}}gel and Dieter Happel and Henning Krause},
  series    = {London Mathematical Society Lecture Note Series 332},
  title     = {Handbook of Tilting Theory},
  publisher = {Cambridge University Press},
  year      = {2007}
}

@book{shafarevich,
  author     = {Igor R. Shafarevich},
  translator = {Miles Reid},
  title      = {Basic Algebraic Geometry 1},
  subtitle   = {Varieties in Projective Space},
  edition    = {3},
  publisher  = {Springer},
  year       = {2013}
}

@book{hartshorne,
  author    = {Robin Hartshorne},
  title     = {Algebraic Geometry},
  publisher = {Springer},
  series    = {Graduate Texts in Mathematics},
  number    = {52},
  year      = {1977}
}

@book{eisenbud_and_harris,
  author    = {David Eisenbud and Joe Harris},
  title     = {The Geometry of Schemes},
  publisher = {Springer},
  series    = {Graduate Texts in Mathematics},
  number    = {197},
  year      = {2000}
}

@book{fulton,
  author   = {William Fulton},
  title    = {Algebraic Curves},
  subtitle = {An Introduction to Algebraic Geometry},
  edition  = {3},
  year     = {2008}
}

@book{lam,
  author    = {Tsit Yuen Lam},
  title     = {A First Course in Noncommutative Rings},
  publisher = {Springer},
  series    = {Graduate Texts in Mathematics},
  number    = {131},
  edition   = {2},
  year      = {2001}
}

@book{rep_assoc_alg,
  author    = {Ibrahim Assem and Daniel Simson and Andrzej Skowro\'{n}ski},
  title     = {Elements of the Representation Theory of Associative Algebras},
  subtitle  = {Volume 1: Techniques of Representation Theory},
  publisher = {Cambridge University Press},
  series    = {London Mathematical Society Student Texts},
  number    = {65},
  year      = {2006}
}

@book{auslander_reiten_smalo,
  author    = {Maurice Auslander and Idun Reiten and Sverre Smal{\o}},
  title     = {Representation Theory of Artin Algebras},
  publisher = {Cambridge University Press},
  series    = {Cambridge Studies in Advanced Mathematics},
  number    = {36},
  year      = {1997}
}

@online{weibel_errata,
  author    = {Charles A. Weibel},
  title     = {Corrections to ``Intro. to Homological Algebra'' by C. Weibel},
  url       =
  {https://sites.math.rutgers.edu/~weibel/Hbook.errors.edition2.pdf},
  urldate   = {2024-06-26},
  shorthand = {Wei94*}
}

@article{deligne_derived_functors,
  author    = {Pierre Deligne},
  title     = {Cohomologie \`a supports propres},
  year      = {1973},
  publisher = {Springer},
  journal   = {Springer Lecture Notes},
  volume    = {305}
}

@article{tohoku,
  author    = {Alexander Grothendieck},
  title     = {Sur quelques points d'alg\`ebre homologique},
  year      = {1957},
  journal   = {T\={o}hoku Mathematical Journal},
  volume    = {9},
  pages     = {119-121},
  shorthand = {T\={o}hoku}
}

@article{ega1,
  author    = {Alexander Grothendieck and Jean Dieudonn\'e},
  title     = {\'El\'ements de g\'eom\'etrie alg\'ebrique},
  subtitle  = {I. Le langage des sch\'emas},
  year      = {1960},
  journal   = {Inst. Hautes \'Etudes Sci. Publ. Math},
  volume    = {4},
  pages     = {5-228},
  shorthand = {EGA1}
}

@article{fac,
  author    = {Jean-Pierre Serre},
  title     = {Faisceaux alg\'ebriques coh\`erents},
  year      = {1955},
  journal   = {Annals of Mathematics},
  volume    = {61},
  number    = {2},
  pages     = {197-278},
  shorthand = {FAC}
}

@article{atiyah_algebra_quote,
  author  = {Michael F. Atiyah},
  title   = {Mathematics In The 20th Century},
  journal = {Bulletin of the London Mathematical Society},
  year    = {2002},
  volume  = {34},
  number  = {1},
  pages   = {7}
}

@article{maclane_abstract_nonsense,
  author  = {Saunders {Mac Lane}},
  title   = {The PNAS way back then},
  journal = {Proceedings of the National Academy of Sciences},
  year    = {1997},
  volume  = {94},
  number  = {12},
  pages   = {5983}
}

@article{grothendeick_ha_quote,
  author  = {Alexander Grothendieck},
  title   = {The cohomology theory of abstract algebraic varieties},
  journal = {Proceedings of the International Congress of Mathematicians},
  year    = {1958},
  pages   = {103}
}

@article{beilinson,
  author  = {Alexander A. Beilinson},
  title   = {Coherent sheaves on $\bb{P}^n$ and problems of linear algebra},
  year    = {1978},
  journal = {Functional Analysis and Its Applications},
  volume  = {12},
  pages   = {214-216}
}

@article{bondal_orlov,
  author  = {Alexei Bondal and Dimitri Orlov},
  title   = {Reconstruction of a variety from the derived category
  and groups of autoequivalences},
  year    = {2001},
  journal = {Compositio Mathematica},
  volume  = {125},
  pages   = {327â€“344}
}

@article{baer,
  author  = {Dagmar Baer},
  title   = {Tilting sheaves in representation theory of algebras},
  year    = {1988},
  journal = {Manuscripta Mathematica},
  volume  = {60},
  pages   = {323-347}
}

@article{orlov,
  author  = {Alexei Bondal},
  title   = {Representation of associative algebras and coherent sheaves},
  year    = {1990},
  journal = {Mathematics of the USSR-Izvestiya},
  volume  = {34},
  pages   = {23-42}
}

@misc{stacks,
  author    = {Aise Johan de Jong and Community Contributors},
  title     = {The Stacks Project},
  url       = {https://stacks.math.columbia.edu/},
  shorthand = {Stacks}
}

@misc{keller_derived_cats_and_tilting,
  author = {Bernhard Keller},
  title  = {Derived Categories and Tilting},
  year   = {2003}
}

@inproceedings{craw,
  author = {Alastair Craw},
  title  = {Explicit methods for derived categories of sheaves},
  year   = {2007},
  url    = {https://www.math.utah.edu/dc/tilting.pdf}
}

@online{king,
  author = {Alastair King},
  title  = {Tilting bundles on some rational surfaces},
  year   = {1997},
  url    = {https://people.bath.ac.uk/masadk/papers/tilt.pdf}
}

@online{users_guide_to_coh_sheaves,
  author = {Daniel Chan},
  title  = {User's guide to coherent sheaves},
  month  = {June},
  year   = {2022},
  url    =
  {https://www.youtube.com/playlist?list=PLgAugiET8rrJ7K7HgiXwh3KK4b2m6p_6V}
}

@online{cohom_of_coh_sheaves,
  author = {Daniel Chan},
  title  = {Cohomology of coherent sheaves},
  month  = {February},
  year   = {2023},
  url    =
  {https://www.youtube.com/playlist?list=PLgAugiET8rrJoTd2JChAC0_Q9paUuX6rF}
}

@online{crawley,
  author   = {William Crawley-Boevey},
  title    = {Coherent sheaves on the projective line},
  subtitle = {Working seminar, Bielefeld},
  month    = {October},
  year     = {2018},
  url      = {https://www.math.uni-bielefeld.de/~wcrawley/P1.pdf}
}

@misc{chen_and_krause,
  author        = {Xiao-Wu Chen and Henning Krause},
  title         = {Introduction to coherent sheaves on weighted
  projective lines},
  year          = {2010},
  eprint        = {0911.4473},
  archiveprefix = {arXiv}
}

@online{team_edward,
  author   = {Jeremy Hahn and Krishanu Sanka and Aaron Mazel-Gee},
  title    = {The Structure of $\Coh(\proj{1})$},
  subtitle = {Team Edward, Talks 1 \& 2},
  year     = {2013},
  url      =
  {https://people.math.harvard.edu/~hirolee/pdfs/280x-13-14-dbcoh.pdf}
}

@online{murayama,
  author = {Takumi Murayama},
  title  = {Vector Bundles on Projective Space},
  month  = {December},
  year   = {2013},
  url    = {https://www.math.purdue.edu/~murayama/notes/Vector%20Bundles.pdf}
  }

@online{vakil,
  author   = {Ravi Vakil},
  title    = {The Rising Sea},
  subtitle = {Foundations of Algebraic Geometry Notes},
  day      = {8},
  month    = {September},
  year     = {2024},
  url      = {https://math.stanford.edu/~vakil/216blog/}
}

@online{gathmann,
  author   = {Andreas Gathmann},
  title    = {Algebraic Geometry},
  subtitle = {Class Notes TU Kaiserslautern 2021/22},
  year     = {2024},
  url      = {https://agag-gathmann.math.rptu.de/de/alggeom.php}
}
